@inproceedings{mehtab2021stock,
  title={Stock price prediction using machine learning and LSTM-based deep learning models},
  author={Mehtab, Sidra and Sen, Jaydip and Dutta, Abhishek},
  booktitle={Machine Learning and Metaheuristics Algorithms, and Applications: Second Symposium, SoMMA 2020, Chennai, India, October 14--17, 2020, Revised Selected Papers 2},
  pages={88--106},
  year={2021},
  organization={Springer}
}
@inproceedings{ma2020particle,
  title={Particle filter recurrent neural networks},
  author={Ma, Xiao and Karkus, Peter and Hsu, David and Lee, Wee Sun},
  booktitle={Proceedings of the AAAI Conference on Artificial Intelligence},
  volume={34},
  number={04},
  pages={5101--5108},
  year={2020}
}
@article{li2019dp,
  title={DP-LSTM: Differential privacy-inspired LSTM for stock prediction using financial news},
  author={Li, Xinyi and Li, Yinchuan and Yang, Hongyang and Yang, Liuqing and Liu, Xiao-Yang},
  journal={arXiv preprint arXiv:1912.10806},
  year={2019}
}
@misc{FinanceDataReader,
  author = {FinanceData},
  title = {FinanceDataReader},
  year = {2022},
  publisher = {GitHub},
  journal = {GitHub repository},
  howpublished = {\url{https://github.com/FinanceData/FinanceDataReader}},
}

@misc{KRX,
  title = {Korea Exchange},
  howpublished = {\url{http://krx.co.kr/}},
}

@misc{NASDAQ,
  title        = {Nasdaq: Stock Market, Data Updates, Reports \& News},
  howpublished = {\url{https://www.nasdaq.com/}},
}

